<?xml version="1.0" encoding="UTF-8"?><collection xmlns="http://www.loc.gov/MARC21/slim"><record><leader>00556nam--2200181-i-4500</leader><controlfield tag="001">000047222</controlfield><controlfield tag="002">20161230</controlfield><controlfield tag="005">20161230201046</controlfield><controlfield tag="008">060222s1000------------r-----000-0-fre-d</controlfield><datafield ind1=" " ind2=" " tag="040"><subfield code="a">IFIN-HH</subfield></datafield><datafield ind1=" " ind2=" " tag="041"><subfield code="a">fre</subfield></datafield><datafield ind1=" " ind2=" " tag="080"><subfield code="a">539.16</subfield></datafield><datafield ind1="1" ind2=" " tag="100"><subfield code="a">Gardel, R</subfield></datafield><datafield ind1="1" ind2="0" tag="245"><subfield code="a">La radioactivite</subfield><subfield code="b">Le point de vue de la protection et des services sanitaires en collaboration avec: mm. barbier, buron, legeay, michon, morre et nizza</subfield><subfield code="c">R. gardel</subfield></datafield><datafield ind1=" " ind2=" " tag="260"><subfield code="a">Paris</subfield><subfield code="b">France Selection</subfield><subfield code="c">1959</subfield></datafield><datafield ind1=" " ind2=" " tag="300"><subfield code="a">397P</subfield></datafield><datafield ind1=" " ind2=" " tag="852"><subfield code="a">16079</subfield><subfield code="c">539.16</subfield></datafield><datafield ind1=" " ind2=" " tag="CAT"><subfield code="a">Sys</subfield><subfield code="c">20120514</subfield><subfield code="h">150744</subfield></datafield></record></collection>